@article{vase14,
author = {Vase, Jakob Ambeck},
title = {Introduktion til \LaTeX},
journaltitle = {No Journal},
date = {2014-06-01},
}

@article{john3,
author = {Neumann, John},
title = {New Hope for the Clorgans},
journaltitle = {Clorgans Unite},
date = {2003-09-03},
}